%%%%%%%%%%%%%%%%%%%%%%%%%%%%%%%%%%%%%%%%%%%%%%%%%%%%%%%%%%%%%%%%%%%%%%%%%%%%%%%%%%%%%%%%%%%%%%%%%%%%
%%
% Article
%%
%%%%%%%%%%%%%%%%%%%%%%%%%%%%%%%%%%%%%%%%%%%%%%%%%%%%%%%%%%%%%%%%%%%%%%%%%%%%%%%%%%%%%%%%%%%%%%%%%%%%

@article{Klair2010,
    author = {Klair, Dheeraj K and Chin, Kwan-Wu and Raad, Raad},
    title = {{A survey and tutorial of RFID anti-collision protocols}},
    journal = {Communications Surveys {\&} Tutorials, IEEE},
    year = {2010},
    volume = {12},
    number = {3},
    pages = {400--421}
}

@article{Bachir2010,
	author = {Bachir, A and Dohler, M. and Watteyne, T. and Leung, K K},
	title = {{MAC essentials for wireless sensor networks}},
	journal = {Communications Surveys {\&} Tutorials, IEEE},
	year = {2010},
	volume = {12},
	number = {2},
	pages = {222--248}
}

@article{Huang12,
	author = {Huang, P and Xiao, L. and Soltani, S and Mutka, M and Xi, N},
	title = {{The Evolution of MAC Protocols in Wireless Sensor Networks: A Survey}},
	journal = {Communications Surveys {\&} Tutorials, IEEE},
	year = {2012},
	number = {99},
	pages = {1--20}
}

@article{Cano2011,
    author = {Cano, Cristina and Bellalta, Boris and Sfairopoulou, Anna and Oliver, Miquel},
    title = {{Low energy operation in WSNs: A survey of preamble sampling MAC protocols}},
    journal = {Computer Networks},
    year = {2011},
    volume = {55},
    number = {15},
    pages = {3351--3363}
}

@article{Xu1993,
    author = {Xu, Wenxin and Campbell, Graham},
    title = {A distributed queueing random access protocol for a broadcast channel},
    journal = {SIGCOMM Comput. Commun. Rev.},
    volume = {23},
    number = {4},
    year = {1993},
    pages = {270--278},
}

@article{Alonso2000,
    author = {Alonso, L. and Agusti, R. and Sallent, O.},
    title = {{A near-optimum MAC protocol based on the distributed queueing random access protocol (DQRAP) for a CDMA mobile communication system}},
    journal = {Selected Areas in Communications, IEEE Journal on},
    year = {2000},
    volume = {18},
    number = {9},
    pages = {1701--1718}
}

@article{Alonso2008,
    author = {Alonso-Zarate, J. and Verikoukis, C. and Kartsakli, E. and Cateura, A. and Alonso, L.},
    title = {{A near-optimum cross-layered distributed queuing protocol for wireless LAN}},
    journal = {Wireless Communications, IEEE},
    year = {2008},
    volume = {15},
    number = {1},
    pages = {48--55}
}

@article{Zhou2006,
    author = {Zhou, G. and He, T. and Krishnamurthy, S. and Stankovic, J.A.},
    title = {{Models and solutions for radio irregularity in wireless sensor networks}},
    journal = {ACM Transactions on Sensor Networks (TOSN)},
    year = {2006},
    volume = {2},
    number = {2},
    pages = {221--262}
}

@article{Yick2008,
    author = {Yick, J. and Mukherjee, B. and Ghosal, D.},
    title = {{Wireless sensor network survey}},
    journal = {Computer Networks},
    year = {2008},
    volume = {52},
    number = {12},
    pages = {2292--2330}
}

@article{Fourty2012,
    author = {Fourty, Nicolas and van den Bossche, Adrien and Val, Thierry},
    title = {{An advanced study of energy consumption in an IEEE 802.15.4 based network: Everything but the truth on 802.15.4 node lifetime}},
    journal = {Computer Communications},
    year = {2012},
    volume = {35},
    number = {14},
    pages = {1759--1767},
}

@article{Stanislowski2013,
    author = {Stanislowski, D and Vilajosana, X. and Wang, Q. and Watteyne, T. and Pister, K.},
    title = {{Adaptive Synchronization in IEEE802.15.4e Networks}},
    journal = {Industrial Informatics, IEEE Transactions on},
    year = {2013},
    number = {99},
    pages = {}
}

@article{Tuset2014a,
    author = {Tuset, Pere and Vázquez, Francisco and Alonso, Jesus and Alonso, Luis and Vilajosana, Xavier},
    title = {{LPDQ: a self-scheduled TDMA MAC protocol for one-hop dynamic low-power wireless networks}},
    journal = {Elsevier Pervasive and Mobile Computing, Special Issue on “Internet of Things”},
    year = {2014},
    volume = {},
    number = {},
    pages = {}
}

@article{Tuset2014b,
    author = {Tuset, Pere and Vázquez, Francisco and Alonso, Jesus and Alonso, Luis and Vilajosana, Xavier},
    title = {{Experimental energy consumption of FSA and DQ for data collection scenarios}},
    journal = {MDPI Sensors, Special Issue on “Wireless Sensor Networks and the Internet of Things”},
    year = {2014},
    volume = {},
    number = {14},
    pages = {13416-13436}
}

%%%%%%%%%%%%%%%%%%%%%%%%%%%%%%%%%%%%%%%%%%%%%%%%%%%%%%%%%%%%%%%%%%%%%%%%%%%%%%%%%%%%%%%%%%%%%%%%%%%%
%%
% Book
%%
%%%%%%%%%%%%%%%%%%%%%%%%%%%%%%%%%%%%%%%%%%%%%%%%%%%%%%%%%%%%%%%%%%%%%%%%%%%%%%%%%%%%%%%%%%%%%%%%%%%%

@book{etsi,
   author = {{European Telecommunications Standards Institute}},
   title = {Electromagnetic Compatibility and Radio Spectrum Matters (ERM); Short Range Devices (SRD); Radio equipment to be used in the 25 MHz to 1 000 MHz frequency range with power levels ranging up to 500 mW; Part 1: Technical characteristics and test methods},
   publisher = {EN 300 220-1},
   year = {2000}
}

@book{fcc,
   author = {{Federal Communications Commission}},
   title = {Part 15 — Radio Frequency Devices; 15.231 Periodic operation in the band 40.66–40.70 MHz and above 70 MHz},
   publisher = {FCC Part 15.231},
   year = {2011}
}

@book{iso18000-7:2009, 
    author = {ISO{~}18000-7:2009},
    title = {Radio frequency identification for item management -- Part 7: Parameters for active air interface communications at 433 MHz},
    publisher = {ISO, Geneva, Switzerland},
    year = {2009}
}

@book{ieee802.15.4-2006,
	journal = {{IEEE Std 802.15.4-2006 (Revision of IEEE Std 802.15.4-2003)}},
	title = {{IEEE Standard for Information Technology- Telecommunications and Information Exchange Between Systems- Local and Metropolitan Area Networks- Specific Requirements Part 15.4: Wireless Medium Access Control (MAC) and Physical Layer (PHY) Specifications for Low-Rate Wireless Personal Area Networks (WPANs)}},
	year = {2006},
}

@book{ieee802.15.4-2011,
	journal = {{IEEE Std 802.15.4-2011 (Revision of IEEE Std 802.15.4-2003)}},
	title = {{IEEE Standard for Information Technology- Telecommunications and Information Exchange Between Systems- Local and Metropolitan Area Networks- Specific Requirements Part 15.4: Wireless Medium Access Control (MAC) and Physical Layer (PHY) Specifications for Low-Rate Wireless Personal Area Networks (WPANs)}},
	year = {2011},
}

@book{ieee802.15.4e,
	journal = {{IEEE P802.15.4e/D8.0, October 2011, based on IEEE P802.15.4-2011}},
	title = {{IEEE Draft Standard for Local and Metropolitan Area Networks Part 15.4: Low Rate Wireless Personal Area Networks (LR-WPANs) Amendment to the MAC sub-layer}},
	year = {2011},
}

%%%%%%%%%%%%%%%%%%%%%%%%%%%%%%%%%%%%%%%%%%%%%%%%%%%%%%%%%%%%%%%%%%%%%%%%%%%%%%%%%%%%%%%%%%%%%%%%%%%%
%%
% Conference
%%
%%%%%%%%%%%%%%%%%%%%%%%%%%%%%%%%%%%%%%%%%%%%%%%%%%%%%%%%%%%%%%%%%%%%%%%%%%%%%%%%%%%%%%%%%%%%%%%%%%%%

@inproceedings{Xu1992,
    author = {Xu, W. and Campbell, G.},
    title = {{A near perfect stable random access protocol for a broadcast channel}},
    booktitle = {Communications (ICC), 1992 IEEE International Conference on},
    year = {1992},
    pages = {370--374}
}

@conference{Watteyne2010,
    author = {Watteyne, T. and Lanzisera, S. and Mehta, A. and Pister, K.S.J.},
    title = {{Mitigating multipath fading through channel hopping in wireless sensor networks}},
    booktitle = {Communications (ICC), 2010 IEEE International Conference on},
    year = {2010},
    pages = {1--5}
}

@conference{Petrova07, 
	author = {Petrova, M. and Lili Wu and Mahonen, P. and Riihijarvi, J.}, 
	title = {{Interference Measurements on Performance Degradation between Colocated IEEE 802.11g/n and IEEE 802.15.4 Networks}}, 
	booktitle = {ICN 2007: 6th International Conference on Networking},
	year = {2007}, 
	pages = {93-93}, 
}

@conference{Whitehouse2005,
    author = {Whitehouse, K. and Woo, A. and Jiang, F. and Polastre, J. and Culler, D.},
    booktitle = {Embedded Networked Sensors, 2005. EmNetS-II. The Second IEEE Workshop on},
    title = {Exploiting the Capture Effect for Collision Detection and Recovery},
    year = {2005},
    pages = {45-52},
}

@conference{Xinqing2010,
    author = {Yan Xinqing and Liu Xuemei},
    booktitle = {Mobile Ad-hoc and Sensor Networks (MSN), 2010 Sixth International Conference on},
    title = {Evaluating the Energy Consumption of RFID Tag Collision Resolution Protocols},
    year = {2010},
    pages = {215-221},
    doi = {10.1109/MSN.2010.40}
}

@conference{Buettner2006,
    author = {Buettner, Michael and Yee, Gary V. and Anderson, Eric and Han, Richard},
    title = {X-MAC: a short preamble MAC protocol for duty-cycled wireless sensor networks},
    booktitle = {Sensys '06: Proceedings of the 4th international conference on Embedded networked sensor systems},
    year = {2006},
    isbn = {1-59593-343-3},
    pages = {307--320},
    doi = {10.1145/1182807.1182838},
}

%%%%%%%%%%%%%%%%%%%%%%%%%%%%%%%%%%%%%%%%%%%%%%%%%%%%%%%%%%%%%%%%%%%%%%%%%%%%%%%%%%%%%%%%%%%%%%%%%%%%
%%
% Miscellaneous
%%
%%%%%%%%%%%%%%%%%%%%%%%%%%%%%%%%%%%%%%%%%%%%%%%%%%%%%%%%%%%%%%%%%%%%%%%%%%%%%%%%%%%%%%%%%%%%%%%%%%%%

@misc{cc2538ds,
	author = {Texas Instruments},
	title = {{CC2538 Datasheet: CC2538 System-on-Chip Solution for 2.4-GHz IEEE 802.15.4 and ZigBee®/ZigBee IP Applications}},
	year = {2014},
	note = {Available online at: \url{http://www.ti.com/lit/ds/symlink/cc2538.pdf}}
}

@misc{cc2538ug,
	author = {Texas Instruments},
	title = {{CC2538 User Guide: CC2538 System-on-Chip Solution for 2.4-GHz IEEE 802.15.4 and ZigBee®/ZigBee IP Applications}},
	year = {2014},
	note = {Available online at: \url{http://www.ti.com/lit/ug/swru319c/swru319c.pdf}}
}

@misc{cc2538ff,
	author = {Texas Instruments},
	title = {{CC2538 Foundation Firmware}},
	year = {2014},
	note = {Available online at: \url{http://www.ti.com/lit/zip/swrc271}}
}

@misc{openmote_schematic,
	author = {OpenMote Technologies},
	title = {{OpenMote-CC2538 schematic}},
	year = {2014},
	note = {Available online at: \url{http://www.openmote.com/wp-content/uploads/2014/01/OpenMote-CC2538-Schematic.pdf}}
}

@misc{openbase_schematic,
	author = {OpenMote Technologies},
	title = {{OpenBase schematic}},
	year = {2014},
	url = {\url{http://www.openmote.com/wp-content/uploads/2014/01/OpenMote-CC2538-Schematic.pdf}}
}

@misc{openbattery_schematic,
	author = {OpenMote Technologies},
	title = {{OpenBattery schematic}},
	year = {2014},
	note = {Available online at: \url{http://www.openmote.com/wp-content/uploads/2014/01/OpenMote-CC2538-Schematic.pdf}}
}

%%%%%%%%%%%%%%%%%%%%%%%%%%%%%%%%%%%%%%%%%%%%%%%%%%%%%%%%%%%%%%%%%%%%%%%%%%%%%%%%%%%%%%%%%%%%%%%%%%%%
%%
% Other
%%
%%%%%%%%%%%%%%%%%%%%%%%%%%%%%%%%%%%%%%%%%%%%%%%%%%%%%%%%%%%%%%%%%%%%%%%%%%%%%%%%%%%%%%%%%%%%%%%%%%%%

@article{Janssen2000,
    author = {Janssen, A J E M and de Jong, M J},
    title = {{Analysis of contention tree algorithms}},
    journal = {Information Theory, IEEE Transactions on},
    year = {2000},
    volume = {46},
    number = {6},
    pages = {2163--2172}
}

@article{Yeh2009,
    author = {Yeh, Ming-Kuei and Jiang, Jehn-Ruey and Huang, Shing-Tsaan},
    title = {{Adaptive splitting and pre-signaling for RFID tag anti-collision}},
    journal = {Computer Communications},
    year = {2009},
    volume = {32},
    number = {17},
    pages = {1862--1870},
}

@article{Yoon2008,
    author = "Won-Ju Yoon and Sang-Hwa Chung and Seong-Joon Lee",
    journal = "Computer Communications ",
    title = {{Implementation and performance evaluation of an active RFID system for fast tag collection}},
    volume = "31",
    number = "17",
    pages = "4107 - 4116",
    year = "2008",
    issn = "0140-3664",
    doi = "http://dx.doi.org/10.1016/j.comcom.2008.08.023",
    url = "http://www.sciencedirect.com/science/article/pii/S0140366408004714"
}

@article{Zornitza2010,
    author = {{Zornitza Genova Prodanoff}},
    title = {{Optimal frame size analysis for framed slotted ALOHA based RFID networks}},
    journal = {Computer Communications},
    year = {2010},
    volume = {33},
    number = {5},
    pages = {648--653},
    month = {mar}
}

@article{Nilsson2010,
    author = {Lars, B. and Bertil, S.},
    title = {{An Energy and Application Scenario Aware Active RFID Protocol}},
    journal = {EURASIP Journal on Wireless Communications and Networking},
    year = {2011},
    volume = {2010}
}

@article{Tan2012,
    author = "Wee Lum Tan and Wing Cheong Lau and OnChing Yue",
    title = {{Performance analysis of an adaptive, energy-efficient MAC protocol for wireless sensor networks}},
    journal = "Journal of Parallel and Distributed Computing ",
    volume = "72",
    number = "4",
    pages = "504 - 514",
    year = "2012",
    issn = "0743-7315",
    doi = "http://dx.doi.org/10.1016/j.jpdc.2012.01.021",
    url = "http://www.sciencedirect.com/science/article/pii/S0743731512000330"
}

@article{Honggang2012,
    author = {Honggang Wang and Changxing Pei and Bo Su},
    journal = {Communications and Networks, Journal of},
    title = {{Collision-free arbitration protocol for active RFID systems}},
    year = {2012},
    volume = {14},
    number = {1},
    pages = {34-39},
    doi = {10.1109/JCN.2012.6184549},
    issn = {1229-2370}
}

@article{Namboodiri2012,
    author = "Vinod Namboodiri and Maheesha DeSilva and Kavindya Deegala and Suresh Ramamoorthy",
    journal = "Computer Communications",
    title = {{An extensive study of slotted Aloha-based RFID anti-collision protocols}},
    volume = "35",
    number = "16",
    pages = "1955 - 1966",
    year = "2012",
    issn = "0140-3664",
    doi = "http://dx.doi.org/10.1016/j.comcom.2012.05.015",
    url = "http://www.sciencedirect.com/science/article/pii/S0140366412001776"
}

@article{Qian2013,
    author = {Qian, Chen and Liu, Yunhuai and Ngan, R H and Ni, L M},
    title = {{ASAP: Scalable Collision Arbitration for Large RFID Systems}},
    journal = {Parallel and Distributed Systems, IEEE Transactions on},
    year = {2013},
    volume = {24},
    number = {7},
    pages = {1277--1288}
}

@article{Wu2013,
    author = {Wu, Haifeng and Zeng, Yu and Feng, Jihua and Gu, Yu},
    title = {{Binary Tree Slotted ALOHA for Passive RFID Tag Anticollision}},
    journal = {Parallel and Distributed Systems, IEEE Transactions on},
    year = {2013},
    volume = {24},
    number = {1},
    pages = {19--31}
}

@article{Lee2014,
    author = {Lee, C S and Kim, D H and Kim, J D},
    title = {{An Energy Efficient Active RFID Protocol to Avoid Overhearing Problem}},
    journal = {Sensors Journal, IEEE},
    year = {2014},
    volume = {14},
    number = {1},
    pages = {15--24}
}
